@Book{-2088993508
 author = {{Hyvrinen, Aapo} and {Hurri, Jarmo} and {Hoyer, Patrick O.}}
 title = {Natural Image Statistics: A Probabilistic Approach to Early Computational Vision.}
 year = {2009}
 edition = {1st}
 number = {}
 publisher = {Springer Publishing Company, Incorporated}
 volume = {}
 isbn = {1848824904, 9781848824904}
}
@Inproceedings{1996438031
 author = {{C. J. Taylor} and {D. H. Cooper} and {J. Graham}}
 title = {Training models of shape from sets of examples}
 year = {1992}
 booktitle = {Proc. BMVC92, Springer-Verlag}
 pages = {9, , 18}
 number = {}
 volume = {}
}
@Article{-1773518584
 author = {{Berthold K. P. Horn} and {H.M. Hilden} and {Shariar Negahdaripour}}
 title = {Closed-Form Solution of Absolute Orientation using Orthonormal Matrices}
 year = {1988}
 journal = {JOURNAL OF THE OPTICAL SOCIETY AMERICA}
 pages = {1127--1135}
 number = {7}
 volume = {5}
}
@Article{-661521758
 author = {{Anthony J. Bell} and {Terrence J. Sejnowski}}
 title = {The `Independent Components' of Natural Scenes are Edge Filters.}
 year = {1997}
 journal = {VISION RESEARCH}
 pages = {3327, , 3338}
 number = {}
 volume = {37}
}
@Article{-1010396
 author = {{Sp"ath, Helmuth}}
 title = {Fitting affine and orthogonal transformations between two sets of points.}
 year = {2004}
 journal = {Mathematical Communications}
 pages = {27--34}
 number = {1}
 publisher = {Croatian Mathematical Society, Division Osijek, Osijek; Faculty of Electrical Engineering, University of Osijek, Osijek}
 volume = {9}
}
@Article{-1962461517
 author = {{Peter J. Rousseeuw}}
 title = {Least Median of Squares Regression}
 year = {1984}
 journal = {Journal of the American Statistical Association}
 pages = {871, , 880}
 url = {http://www.jstor.org/stable/2288718}
 month = {December}
 number = {388}
 volume = {79}
}
@Techreport{1171304439
 author = {{Carsten Steger}}
 title = {On the Calculation of Moments of Polygons}
 year = {1996}
 url = {http://citeseerx.ist.psu.edu/viewdoc/download?doi=10.1.1.29.8765&rep=rep1&type=pdf}
 month = {August}
 number = {}
 volume = {}
}
@Book{-151266973
 author = {{Hartley, R.~I.} and {Zisserman, A.}}
 title = {Multiple View Geometry in Computer Vision}
 year = {2004}
 edition = {Second}
 number = {}
 publisher = {Cambridge University Press, ISBN: 0521540518}
 volume = {}
}
@Article{81390643
 author = {{Zhengyou Zhang} and {Rachid Deriche} and {Olivier Faugeras} and {Quang-Tuan Luong}}
 title = {A robust technique for matching two uncalibrated images through the recovery of the unknown epipolar geometry }
 year = {1995}
 journal = {Artificial Intelligence }
 pages = {87 -- 119}
 url = {http://www.sciencedirect.com/science/article/pii/0004370295000224}
 note = {Special Volume on Computer Vision }
 number = {1--2}
 volume = {78}
 issn = {0004-3702}
 doi = {http://dx.doi.org/10.1016/0004-3702(95)00022-4}
 keywords = {Correlation }
}
@Article{1430152963
 author = {{Fisher, Ronald A.}}
 title = {{The use of multiple measurements in taxonomic problems}}
 year = {1936}
 journal = {Annals Eugen.}
 pages = {179, , 188}
 number = {}
 volume = {7}
 citeulike-article-id = {764226}
 keywords = {classification}
 posted-at = {2006-09-18 14:06:16}
 priority = {2}
}
@Unpublished{1808410773
 author = {{Cootes, T. F.} and {Taylor, C. J.}}
 title = {Statistical Models of Appearance for Computer Vision}
 year = {2001}
 url = {http://isbe.man.ac.uk/~bim/Models/app_model.ps.gz}
 month = {October}
 number = {}
 volume = {}
}
@Inproceedings{-121859262
 author = {{Jonathan Hare} and {Sina Samangooei} and {David Dupplaw}}
 title = {OpenIMAJ and ImageTerrier: Java Libraries and Tools for Scalable Multimedia Analysis and Indexing of Images}
 year = {2011}
 booktitle = {ACM Multimedia 2011}
 pages = {691--694}
 url = {http://eprints.soton.ac.uk/273040/}
 note = { Event Dates: 28/11/2011 until 1/12/2011}
 month = {November}
 number = {}
 publisher = {ACM}
 volume = {}
}
@Inproceedings{-1087829015
 author = {{Epshtein, B.} and {Ofek, E.} and {Wexler, Y.}}
 title = {Detecting text in natural scenes with stroke width transform}
 year = {2010}
 booktitle = {Computer Vision and Pattern Recognition (CVPR), 2010 IEEE Conference on}
 pages = {2963--2970}
 number = {}
 volume = {}
 keywords = {image processing;text analysis;image operator;image pixel;natural images;natural scenes;stroke width transform;text detection;Colored noise;Computer vision;Engines;Filter bank;Geometry;Image segmentation;Layout;Optical character recognition software;Pixel;Robustness}
 doi = {10.1109/CVPR.2010.5540041}
 ISSN = {1063-6919}
}
@Article{1745218436
 author = {{S. M. Smith}}
 title = {A new class of corner finder}
 year = {1992}
 booktitle = {Proc. 3rd British Machine Vision Conference}
 pages = {139-148}
 url = {http://users.fmrib.ox.ac.uk/~steve/susan/susan/node4.html}
 number = {}
 volume = {}
}
@Inbook{1978109952
 author = {{R. B. Blackman} and {J. W. Tukey}}
 title = {Particular Pairs of Windows}
 year = {1959}
 booktitle = { In The Measurement of Power Spectra, From the Point of View of Communications Engineering}
 pages = {98--99}
 number = {}
 publisher = {Dover}
 volume = {}
}
@Incollection{-417527142
 author = {{Schumacher, Dale}}
 title = {Graphics Gems III}
 year = {1992}
 pages = {8, , 16}
 chapter = {General Filtered Image Rescaling}
 url = {http://dl.acm.org/citation.cfm?id=130745.130747}
 editor = {{Kirk, David}}
 number = {}
 publisher = {Academic Press Professional, Inc.}
 volume = {}
 isbn = {0-12-409671-9}
 numpages = {9}
 acmid = {130747}
 address = {San Diego, CA, USA}
}
@Inproceedings{430611939
 author = {{Laws, K. I.}}
 title = {{Rapid Texture Identification}}
 year = {1980}
 booktitle = {Proc. SPIE Conf. Image Processing for Missile Guidance}
 pages = {376, , 380}
 number = {}
 volume = {}
 citeulike-article-id = {2335645}
 keywords = {bibtex-import}
 posted-at = {2008-02-05 15:32:50}
 priority = {2}
}
@Article{1770684832
 author = {{Morel, Jean-Michel} and {Yu, Guoshen}}
 title = {{ASIFT: A New Framework for Fully Affine Invariant Image Comparison}}
 year = {2009}
 journal = {SIAM J. Img. Sci.}
 number = {}
 publisher = {Society for Industrial and Applied Mathematics}
 volume = {}
}
@Article{156864053
 author = {{Telea, Alexandru}}
 title = {An Image Inpainting Technique Based on the Fast Marching Method.}
 year = {2004}
 journal = {J. Graphics, GPU, & Game Tools}
 pages = {23--34}
 url = {http://dblp.uni-trier.de/db/journals/jgtools/jgtools9.html#Telea04}
 number = {1}
 volume = {9}
 biburl = {http://www.bibsonomy.org/bibtex/2b0bf54e265d011a8e1fe256e6fcf556b/dblp}
 doi = {http://dx.doi.org/10.1080/10867651.2004.10487596}
 keywords = {dblp}
}
@Article{483359714
 author = {{Perona, P.} and {Malik, J.}}
 title = {Scale-Space and Edge Detection Using Anisotropic Diffusion}
 year = {1990}
 journal = {IEEE Trans. Pattern Anal. Mach. Intell.}
 pages = {629, , 639}
 url = {http://dx.doi.org/10.1109/34.56205}
 month = {July}
 number = {7}
 publisher = {IEEE Computer Society}
 volume = {12}
 issue_date = {July 1990}
 issn = {0162-8828}
 numpages = {11}
 doi = {10.1109/34.56205}
 acmid = {78304}
 address = {Washington, DC, USA}
}
@Article{874326803
 author = {{Telea, Alexandru}}
 title = {An Image Inpainting Technique Based on the Fast Marching Method.}
 year = {2004}
 journal = {J. Graphics, GPU, & Game Tools}
 pages = {23--34}
 url = {http://dblp.uni-trier.de/db/journals/jgtools/jgtools9.html#Telea04}
 number = {1}
 volume = {9}
 biburl = {http://www.bibsonomy.org/bibtex/2b0bf54e265d011a8e1fe256e6fcf556b/dblp}
 ee = {http://dx.doi.org/10.1080/10867651.2004.10487596}
 keywords = {dblp}
}
@Article{-402376043
 author = {{Tan, Xiaoyang} and {Triggs, Bill}}
 title = {Enhanced local texture feature sets for face recognition under difficult lighting conditions}
 year = {2010}
 journal = {Trans. Img. Proc.}
 pages = {1635, , 1650}
 url = {http://dx.doi.org/10.1109/TIP.2010.2042645}
 month = {June}
 number = {6}
 publisher = {IEEE Press}
 volume = {19}
}
@Inproceedings{-1559606510
 author = {{Kovesi, P.}}
 title = {Fast Almost-Gaussian Filtering}
 year = {2010}
 booktitle = {Digital Image Computing: Techniques and Applications (DICTA), 2010 International Conference on}
 pages = {121--125}
 month = {Dec}
 number = {}
 volume = {}
 keywords = {Gaussian processes;approximation theory;band-pass filters;image processing;Gaussian bandpass filters;fast almost-Gaussian filtering;image averaging;integral images;log-Gabor filters;separable moving average filters;summed area tables;symmetric transfer function;Approximation methods;Bandwidth;Computer vision;Frequency domain analysis;Laplace equations;Pixel;Transfer functions;Difference of Gaussian filtering;Gaussian smoothing}
 doi = {10.1109/DICTA.2010.30}
}
@Inproceedings{310827583
 author = {{J. A. Sethian}}
 title = {A Fast Marching Level Set Method for Monotonically Advancing Fronts}
 year = {1995}
 booktitle = {Proc. Nat. Acad. Sci}
 pages = {1591, , 1595}
 number = {}
 volume = {}
}
@Article{-911975173
 author = {{Nobuyuki Otsu}}
 title = {A Threshold Selection Method from Gray-Level Histograms}
 year = {1979}
 journal = {Systems, Man and Cybernetics, IEEE Transactions on}
 pages = {62--66}
 number = {1}
 volume = {9}
 keywords = {Displays;Gaussian distribution;Histograms;Least squares approximation;Marine vehicles;Q measurement;Radar tracking;Sea measurements;Surveillance;Target tracking}
 doi = {10.1109/TSMC.1979.4310076}
 ISSN = {0018-9472}
}
